@article{coulibaly2005downscaling,
  title={Downscaling precipitation and temperature with temporal neural networks},
  author={Coulibaly, Paulin and Dibike, Yonas B and Anctil, Fran{\c{c}}ois},
  journal={Journal of Hydrometeorology},
  volume={6},
  number={4},
  pages={483--496},
  year={2005},
  publisher={American Meteorological Society}
}

@article{lee2014nonparametric,
  title={Nonparametric statistical temporal downscaling of daily precipitation to hourly precipitation and implications for climate change scenarios},
  author={Lee, Taesam and Jeong, Changsam},
  journal={Journal of Hydrology},
  volume={510},
  pages={182--196},
  year={2014},
  publisher={Elsevier}
}

@article{doury2024suitability,
  title={On the suitability of a convolutional neural network based RCM-emulator for fine spatio-temporal precipitation},
  author={Doury, Antoine and Somot, Samuel and Gadat, Sebastien},
  journal={Climate Dynamics},
  volume={62},
  number={9},
  pages={8587--8613},
  year={2024},
  publisher={Springer}
}

@article{kumar2012sub,
  title={Sub-daily statistical downscaling of meteorological variables using neural networks},
  author={Kumar, Jitendra and Brooks, Bj{\o}rn-Gustaf J and Thornton, Peter E and Dietze, Michael C},
  journal={Procedia Computer Science},
  volume={9},
  pages={887--896},
  year={2012},
  publisher={Elsevier}
}

@article{bailey2024temporal,
  title={Temporal and spatial downscaling for solar radiation},
  author={Bailey, Maggie and Nychka, Doug and Sengupta, Manajit and Yang, Jaemo and Bandyopadhyay, Soutir},
  journal={arXiv preprint arXiv:2405.11046},
  year={2024}
}

@article{kajbaf2022temporal,
  title={Temporal downscaling of precipitation from climate model projections using machine learning},
  author={Kajbaf, Azin Al and Bensi, Michelle and Brubaker, Kaye L},
  journal={Stochastic Environmental Research and Risk Assessment},
  volume={36},
  number={8},
  pages={2173--2194},
  year={2022},
  publisher={Springer}
}

@Article{Fick2017,
  author        = {Fick, Stephen E. and Hijmans, Robert J.},
  journal       = {International Journal of Climatology},
  title         = {WorldClim 2: new 1-km spatial resolution climate surfaces for global land areas},
  year          = {2017},
  issn          = {1097-0088},
  month         = may,
  number        = {12},
  pages         = {4302--4315},
  volume        = {37},
  date-added    = {2024-11-24 18:40:03 +0100},
  date-modified = {2024-11-24 18:40:03 +0100},
  doi           = {10.1002/joc.5086},
  publisher     = {Wiley},
  url           = {http://dx.doi.org/10.1002/joc.5086},
}

@Article{Firpo2022,
  author        = {Firpo, M{\~A}{!'}ri {\~A}ndrea Feldman and Guimar{\~A}£es, Bruno dos Santos and Dantas, Leydson Galv{\~A}-ncio and Silva, Marcelo Guatura Barbosa da and Alves, Lincoln Muniz and Chadwick, Robin and Llopart, Marta Pereira and Oliveira, Gilvan Sampaio de},
  journal       = {Frontiers in Climate},
  title         = {Assessment of CMIP6 models{\^a} performance in simulating present-day climate in Brazil},
  year          = {2022},
  issn          = {2624-9553},
  month         = sep,
  volume        = {4},
  date-added    = {2024-11-24 18:39:54 +0100},
  date-modified = {2024-11-24 18:39:54 +0100},
  doi           = {10.3389/fclim.2022.948499},
  publisher     = {Frontiers Media SA},
  url           = {http://dx.doi.org/10.3389/fclim.2022.948499},
}

@Article{Eyring2016,
  author    = {Eyring, Veronika and Bony, Sandrine and Meehl, Gerald A. and Senior, Catherine A. and Stevens, Bjorn and Stouffer, Ronald J. and Taylor, Karl E.},
  journal   = {Geoscientific Model Development},
  title     = {Overview of the Coupled Model Intercomparison Project Phase 6 (CMIP6) experimental design and organization},
  year      = {2016},
  issn      = {1991-9603},
  month     = may,
  number    = {5},
  pages     = {1937--1958},
  volume    = {9},
  doi       = {10.5194/gmd-9-1937-2016},
  publisher = {Copernicus GmbH},
}

@Article{Lange2019,
  author    = {Lange, Stefan},
  journal   = {Geoscientific Model Development},
  title     = {Trend-preserving bias adjustment and statistical downscaling with ISIMIP3BASD (v1.0)},
  year      = {2019},
  issn      = {1991-9603},
  month     = jul,
  number    = {7},
  pages     = {3055--3070},
  volume    = {12},
  doi       = {10.5194/gmd-12-3055-2019},
  publisher = {Copernicus GmbH},
}

@Article{Bedia2019,
  author    = {Bedia, Joaquín and Baño-Medina, Jorge and Legasa, Mikel N. and Iturbide, Maialen and Manzanas, Rodrigo and Herrera, Sixto and Casanueva, Ana and San-Martín, Daniel and Cofiño, Antonio S. and Gutiérrez, Jose Manuel},
  title     = {Statistical downscaling with the downscaleR package: Contribution to the VALUE intercomparison experiment},
  year      = {2019},
  month     = sep,
  doi       = {10.5194/gmd-2019-224},
  publisher = {Copernicus GmbH},
}

@Article{Hiebert2018,
  author        = {Hiebert, James and J. Cannon, Alex and Murdock, Trevor and Sobie, Stephen and Werner, Arelia},
  journal       = {The Journal of Open Source Software},
  title         = {ClimDown: Climate Downscaling in R},
  year          = {2018},
  issn          = {2475-9066},
  month         = feb,
  number        = {22},
  pages         = {360},
  volume        = {3},
  date-added    = {2024-11-24 18:40:03 +0100},
  date-modified = {2024-11-24 18:40:03 +0100},
  doi           = {10.21105/joss.00360},
  publisher     = {The Open Journal},
  url           = {http://dx.doi.org/10.21105/joss.00360},
}

@Article{Bazzanela2023,
  author    = {Bazzanela, Anna Carolina and Dereczynski, Claudine and Luiz-Silva, Wanderson and Regoto, Pedro},
  journal   = {Climate Dynamics},
  title     = {Performance of CMIP6 models over South America},
  year      = {2023},
  issn      = {1432-0894},
  month     = oct,
  number    = {2},
  pages     = {1501--1516},
  volume    = {62},
  doi       = {10.1007/s00382-023-06979-1},
  publisher = {Springer Science and Business Media LLC},
}

@Article{Almazroui2021,
  author    = {Almazroui, Mansour and Ashfaq, Moetasim and Islam, M. Nazrul and Rashid, Irfan Ur and Kamil, Shahzad and Abid, Muhammad Adnan and O’Brien, Enda and Ismail, Muhammad and Reboita, Michelle Simões and Sörensson, Anna A. and Arias, Paola A. and Alves, Lincoln Muniz and Tippett, Michael K. and Saeed, Sajjad and Haarsma, Rein and Doblas-Reyes, Francisco J. and Saeed, Fahad and Kucharski, Fred and Nadeem, Imran and Silva-Vidal, Yamina and Rivera, Juan A. and Ehsan, Muhammad Azhar and Martínez-Castro, Daniel and Muñoz, Ángel G. and Ali, Md. Arfan and Coppola, Erika and Sylla, Mouhamadou Bamba},
  journal   = {Earth Systems and Environment},
  title     = {Assessment of CMIP6 Performance and Projected Temperature and Precipitation Changes Over South America},
  year      = {2021},
  issn      = {2509-9434},
  month     = jun,
  number    = {2},
  pages     = {155--183},
  volume    = {5},
  doi       = {10.1007/s41748-021-00233-6},
  publisher = {Springer Science and Business Media LLC},
}

@Comment{jabref-meta: databaseType:bibtex;}
